@article{Trilinos,
  author = "Michael A. Heroux and Roscoe A. Bartlett and Vicki E. Howle and Robert J. Hoekstra and Jonathan J. Hu and Tamara G. Kolda and Richard B. LeHoucq and Kevin R. Long and Roger P. Pawlowski and Eric T. Phipps and Andrew G. Salinger and Heidi K. Thornquist and Ray S. Tuminaro and James M. Willenbring and Alan Williams and Kendall S. Stanley",
  title = "An Overview of the {Trilinos} Project",
  journal = "ACM Transactions on Mathematical Software",
  volume = 31,
  issue  = 3,
  month = "September",
  year = 2005,
  pages = "397--423"
}

@book{NumPyGuide,
  author = "Travis Oliphant",
  title = "Guide to NumPy",
  publisher = "Trelgol Publishing",
  year = "2008"
}

@manual{SciPyRefGuide,
  title = "SciPy Reference Guide",
  author = "SciPy Community",
  howpublished = "http://docs.scipy.org/doc/scipy/scipy-ref.pdf",
  year = "2011"
}

@article{Matplotlib,
  author = "John D. Hunter",
  title = "Matplotlib: A 2D Graphics Environment",
  journal = "Computing in Science \& Engineering",
  volume = 9,
  number = 3,
  year = "2007"
}

@techreport{PETScUserRef,
  author = "Satish Balay and Jed Brown and Kris Buschelman and Victor Eijkhout and William D. Gropp and Dinesh Kaushik and Matthew G. Knepley and Lois Curfman McInnes and Barry F. Smith and Hong Zhang",
  title = "{PETS}c Users Manual",
  number = "ANL-95/11 - Revision 3.1",
  institution = "Argonne National Laboratory",
  year = "2010"
}

@misc{SciPyConference,
  key = "SciPy",
  title = "{SciPy Conferences}",
  howpublished = "http://conference.scipy.org/"
}

@misc{SuperComputing,
  key = "SuperComputing",
  title = "{The SC Conference Series}",
  howpublished = "http://www.supercomp.org/"
}

@misc{SIAM_CSE,
  key = "SIAM Computational Science \& Engineering",
  title = "{SIAM CS\&E Conferences}",
  howpublished = "http://www.siam.org/meetings/archives.php\#CS"
}

@misc{MATLAB,
  key = "MATLAB",
  title = "MATLAB - The Language of Technical Computing",
  howpublished = "http://www.mathworks.com/products/matlab/"
}

@article{PyTrilinos,
  author = "M. Sala and W. Spotz and M. Heroux",
  title = "{PyTrilinos}: High-Performance Distributed-Memory Solvers for {Python}",
  journal = "ACM Transactions on Mathematical Software (TOMS)",
  year = "2008",
  month = "March",
  volume = 34,
  issue = 2
}

@article{SWIG_CXX_Python,
  author = "T. L. Cottom",
  title = "Using {SWIG} to bind {C++} to {Python}",
  journal = "Computing in Science \& Engineering",
  volume = 5,
  number = 2,
  year = 2003
}

@techreport{Babel,
  author = "Andrew Cleary and Scott Kohn and Steven G. Smith and Brent Smolinski",
  title = "Language Interoperability Mechanisms for High-Performance Scientific Applications, presented at {SIAM Workshop on Object-Oriented Methods for Inter-operable Scientific and Engineering Computing}",
  address = "Yorktown Heights, NY",
  date = "October 21-23",
  year = "1998",
  institution = "Lawrence Livermore National Laboratory",
  number = "UCRL-JC-131823"
}

@inproceedings{Cython,
  author = "Dag Sverre Seljebotn",
  title = "Fast numerical computations with Cython",
  booktitle = "Proceedings of the 8th Python in Science Conference",
  pages = "15--22",
  address = "Pasadena, CA",
  year = "2009",
  editor = {Ga\"el Varoquaux and St\'efan van der Walt and Jarrod Millman},
  howpublished = "http://conference.scipy.org/proceedings/SciPy2009/paper_2",
}

@misc{BoostPython,
  key = "Boost Python",
  title = "{Boost.Python}",
  howpublished = "http://www.boost.org/doc/libs/1\_46\_1/libs/python/doc/"
}

@article{Anasazi,
  author = "C. G. Baker and U. L. Hetmaniuk and R. B. Lehoucq and H. K. Thornquist",
  title = "Anasazi software for the numerical solution of large-scale eigenvalue problems",
  journal = "ACM Transactions on Mathematical Software (TOMS)",
  volume = 36,
  number = 3,
  month = "July",
  year = "2009"
}

@misc{Doxygen,
  key = "Doxygen",
  title = "{Doxygen}",
  howpublished = "http://www.stack.nl/~dimitri/doxygen/"
}

@techreport{TeuchosMemMgt,
  author = "Roscoe Bartlett",
  title = "Teuchos {C++} Memory Management Classes, Idioms, and Related Topics: The Complete Reference",
  address = "Albuquerque, NM",
  date = "February",
  year = "2011",
  institution = "Sandia National Laboratories",
  number = "SAND 2010-2234"
}

@article{FiPy,
  author = "J.E. Guyer and D. Wheeler and J.A. Warren",
  title = "{FiPy}: Partial Differential Equations with Python",
  journal = "Computing in Science and Engineering",
  volume = 11,
  number = 3,
  year = 2009,
  pages = "6--15"
}

@misc{FiPy_Site,
  key = "FiPy",
  title = "{FiPy}",
  howpublished = "http://www.ctcms.nist.gov/fipy/"
}

@misc{FEniCS,
  key = "FEniCS",
  title = "{FEniCS}",
  howpublished = "http://fenicsproject.org/"
}

@article{HYPO4D,
  author = "Bruce M. Boghosian and Luis M. Fazendeiro and Jonas L{\"a}tt and Hui Tang and Peter V. Coveney",
  title = "New Variational Principles for Locating Periodic Orbits of Differential Equations",
  journal = "Philosophical Transactions of the Royal Society A",
  date = "13 June",
  year = 2011,
  volume = 369,
  number = 1944,
  pages = "2211--2218"
}

@misc{Cage12,
  key = "vanHeukelum",
  title = "{van Heukelum/cage12 Matrix}",
  howpublished = "http://www.cise.ufl.edu/research/sparse/matrices/vanHeukelum/cage12.html",
}

@article{RCB,
  author = "M. Berger and S. Bokhari",
  title = "A partitioning strategy for nonuniform problems on multiprocessors",
  journal =  "IEEE Trans. Computers",
  volume = "C-36",
  year = 1987,
  pages = "570--580"
}

@article{JFNK,
  author = "D.A. Knoll and D.E. Keyes",
  title = "Jacobian-free Newton–Krylov methods: a survey of approaches and applications",
  journal = "Journal of Computational Physics",
  volume = 193,
  issue = 2,
  date = "20 January",
  year = 2004,
  pages = "357-–397"
}
